@incollection{Abramsky1997,
  title =	 {Game Semantics},
  author =	 {Samson Abramsky},
  year =	 1997,
  editor =	 {A. Pitts and P. Dybjer},
  booktitle =	 {Semantics and Logics of Computation},
  publisher =	 {Cambridge University Press},
  pages =	 {1--32},
  doi =		 {10.1017/CBO9780511526619.002}
}

@incollection{AbramskyJung1994,
  title =	 {Domain theory},
  editor =	 {Abramsky, S. and Gabray, Dov M. and Maibaum, T. S. E.},
  author =	 {Samson Abramsky and Achim Jung},
  publisher =	 {Clarendon Press},
  year =	 1994,
  volume =	 3,
  booktitle =	 {Handbook of Logic in Computer Science},
  pages =	 {1--168},
  addendum =	 {Updated online version available at
                  \url{https://www.cs.bham.ac.uk/~axj/pub/papers/handy1.pdf}}
}

@unpublished{Escardo2007,
  title =	 {Domain theory and denotational semantics of functional
                  programming},
  author =	 {Escard\'o, Mart\'in},
  year =	 2007,
  url =
                  {https://www.cs.nott.ac.uk/~psznhn/MGS2007/LectureNotes/mgs2007-dom.pdf},
  note =	 {Slides for an advanced course at the \emph{Midlands Graduate
                  School (MGS) in the Foundations of Computing Science}}
}

@misc{Escardo2007b,
  title =	 {Seemingly impossible functional programs},
  author =	 {Escard\'o, Mart\'in},
  year =	 2007,
  url =
                  {https://math.andrej.com/2007/09/28/seemingly-impossible-functional-programs/},
  note =	 {Guest post on Andrej Bauer's blog}
}

@book{GierzEtAl2003,
  series =	 {Encyclopedia of Mathematics and its Applications},
  title =	 {Continuous Lattices and Domains},
  publisher =	 {Cambridge University Press},
  author =	 {Gierz, G. and Hofmann, K. H. and Keimel, K. and Lawson,
                  J. D. and Mislove, M. and Scott, D. S.},
  year =	 2003,
  volume =	 93,
  doi =		 {10.1017/CBO9780511542725},
}

@book{Girard1989,
  author =	 {Girard, Jean-Yves and Lafont, Yves and Taylor, Paul},
  year =	 1989,
  publisher =	 {Cambridge University Press},
  series =	 {Cambridge Tracts in Theoretical Computer Science},
  volume =	 7,
  addendum =	 {Reprinted with minor corections in 1990; updated web version
                  available at \url{https://www.paultaylor.eu/stable/prot.pdf}}
}

@book{Gunter1992,
  title =	 {Semantics of Programming Languages},
  subtitle =	 {Structures and Techniques},
  year =	 1992,
  author =	 {Gunter, Carl A.},
  series =	 {Foundations of Computing},
  publisher =	 {{MIT} Press}
}

@thesis{Hart2020,
  title =	 {Investigating Properties of {PCF} in {Agda}},
  author =	 {Brendan Hart},
  year =	 2020,
  school =	 {School of Computer Science, University of Birmingham},
  type =	 {Final year MSci project},
  addendum =
                  {\textsc{url}: \href{https://raw.githubusercontent.com/BrendanHart/Investigating-Properties-of-PCF/master/InvestigatingPropertiesOfPCFInAgda.pdf}{\texttt{https://raw.githubusercontent.com/BrendanHart/\break Investigating-Properties-of-PCF/master/InvestigatingProperties\break OfPCFInAgda.pdf}}. Agda code available at
                  \href{https://github.com/BrendanHart/Investigating-Properties-of-PCF}{\texttt{https://github.com/BrendanHart/Investigating-Properties-of-PCF}}}
}

@misc{Haskell2010,
  title =	 {Haskell 2010 Language Report},
  author =	 {Marlow, Simon and others},
  year =	 2010,
  url =		 {https://haskell.org/definition/haskell2010.pdf}
}

@incollection{Hyland1997,
  title =	 {Game Semantics},
  author =	 {Martin Hyland},
  year =	 1997,
  editor =	 {A. Pitts and P. Dybjer},
  booktitle =	 {Semantics and Logics of Computation},
  publisher =	 {Cambridge University Press},
  pages =	 {131--184},
  doi =		 {10.1017/CBO9780511526619.005}
}

@report{Plotkin1973,
  title = {Lambda-definability and logical relations},
  author = {Plotkin, G.~D.},
  year = 1973,
  type = {Memorandum},
  institution = {School of Artificial Intelligence, University of Edinburgh},
  number = {SAI-RM-4},
  url = {https://homepages.inf.ed.ac.uk/gdp/publications/logical_relations_1973.pdf}
}

@phdthesis{Longley1995,
  title =	 {Realizability Toposes and Language Semantics},
  author =	 {John Longley},
  year =	 1995,
  school =	 {Department of Computer Science, University of Edinburgh},
  url =		 {https://www.lfcs.inf.ed.ac.uk/reports/95/ECS-LFCS-95-332}
}

@book{LongleyNormann2015,
  title =	 {Higher-Order Computability},
  author =	 {John Longley and Dag Normann},
  year =	 2015,
  publisher =	 {Springer},
  series =	 {Theory and Applications of Computability},
  doi =		 {10.1007/978-3-662-47992-6}
}

@misc{PittsWinskelFiore2012,
  title =	 {Denotational Semantics},
  subtitle =	 {Lecture Notes for the Computer Science Tripos, Part II},
  author =	 {Pitts, Andrew M. and Winskel, Glynn and Fiore, Marcelo},
  year =	 2012,
  url =
                  {https://www.cl.cam.ac.uk/teaching/1112/DenotSem/dens-notes-bw.pdf}
}

@article{Plotkin1977,
  title =	 {{LCF} considered as a programming language},
  author =	 {Plotkin, G.~D.},
  journal =	 {Theoretical Computer Science},
  year =	 1977,
  number =	 3,
  volume =	 5,
  pages =	 {223-255},
  doi =		 {10.1016/0304-3975(77)90044-5}
}

@misc{Plotkin1983,
  title =	 {Domains},
  author =	 {Gordon Plotkin},
  year =	 1983,
  note =	 {Course notes known as the \emph{Pisa notes}},
  addendum =	 {\textsc{url}:
                  \href{https://homepages.inf.ed.ac.uk/gdp/publications/Domains_a4.ps}{\texttt{https://homepages.inf.ed.ac.uk/gdp/publications/Domains\_\break
                  a4.ps}}}
}

@article{Rieke1993,
  author =	 {Rieke, Jon~G.},
  year =	 1993,
  title =	 {Fully abstract translations between functional languages},
  volume =	 3,
  journal =	 {Mathematical Structures in Computer Science},
  pages =	 {387--415},
  doi =		 {10.1017/S0960129500000293}
}

@techreport{Scott1970,
  title =	 {Outline of a Mathematical Theory of Computation},
  author =	 {Dana Scott},
  year =	 1970,
  month =	 11,
  institution =	 {Oxford University Computing Laboratory},
  number =	 {PRG02},
  url =
                  {https://www.cs.ox.ac.uk/publications/publication3720-abstract.html}
}

@article{Scott1993,
  title =	 {A type-theoretical alternative to {ISWIM}, {CUCH}, {OWHY}},
  journal =	 {Theoretical Computer Science},
  volume =	 121,
  number =	 {1--2},
  pages =	 {411--440},
  year =	 1993,
  author =	 {Dana S. Scott},
  doi =		 {10.1016/0304-3975(93)90095-B}
}

@techreport{ScottStrachey1971,
  title =	 {Towards a Mathematical Semantics for Computer Languages},
  author =	 {Dana Scott and Christopher Strachey},
  year =	 1971,
  month =	 8,
  institution =	 {Oxford University Computing Laboratory},
  number =	 {PRG06},
  url =
                  {https://www.cs.ox.ac.uk/publications/publication3723-abstract.html}
}

@article{Streicher1994,
  title =	 {A universality theorem for PCF with recursive types,
                  parellel-or and \(\exists\)},
  year =	 1994,
  author =	 {Thomas Streicher},
  pages =	 {111--115},
  number =	 1,
  volume =	 4,
  journal =	 {Mathematical Structures in Computer Science},
  doi =		 {10.1017/S0960129500000384}
}

@book{Streicher2006,
  title =	 {Domain-Theoretic Foundations of Functional Programming},
  author =	 {Thomas Streicher},
  year =	 2006,
  publisher =	 {World Scientific},
  doi =		 {10.1142/6284}
}

@article{Tait1967,
  title =	 {Intensional interpretations of functionals of finite type {I}},
  volume =	 32,
  number =	 2,
  journal =	 {The Journal of Symbolic Logic},
  author =	 {Tait, W. W.},
  year =	 1967,
  pages =	 {198--212},
  doi =		 {10.2307/2271658}
}

@book{Winskel1993,
  title =	 {The Formal Semantics of Programming Languages},
  subtitel =	 {An Introduction},
  author =	 {Glynn Winskel},
  year =	 1993,
  editor =	 {Michael Garey and Albert Meyer},
  series =	 {Foundations of Computing},
  publisher =	 {{MIT} Press},
  doi =		 {10.7551/mitpress/3054.001.0001}
}

@phdthesis{deJong2022,
  title =	 {Domain Theory in Constructive and Predicative Univalent
                  Foundations},
  author =	 {de Jong, Tom},
  year =	 2022,
  school =	 {School of Computer Science, University of Birmingham},
  eprint =	 {2301.12405},
  archivePrefix ={arXiv},
  primaryClass = {cs.LO},
  url =		 {https://tdejong.com/writings/phd-thesis.pdf}
}
